@article{Carroll2020,
  author = {Carroll, Stephanie Russo and Garba, Ibrahim and Figueroa-Rodr√≠guez, Oscar L. and Holbrook, Jarita and Lovett, Raymond and Materechera, Simeon and Parsons, Mark and Raseroka, Kay and Rodriguez-Lonebear, Desi and Rowe, Robyn and Sara, Rodrigo and Walker, Jennifer D. and Anderson, Jane and Hudson, Maui},
  title = {The {CARE} Principles for {Indigenous} Data Governance},
  journal = {Data Science Journal},
  volume = {19},
  number = {1},
  pages = {43},
  year = {2020},
  doi = {10.5334/dsj-2020-043},
  url = {https://doi.org/10.5334/dsj-2020-043}
}